% Encoding: UTF-8

@Comment{jabref-meta: databaseType:bibtex;}

%dmb, isb
@Book{
    armArch,
    title     = {Learn the architecture - ARMv8-A memory systems Version 1.1},
    author    = {Arm},
    year      = {2022},
}

%enable CCR
@misc{
    ccr,
    title       = {ARMv8 Performance Counters management module},
    author      = {Jerin Jacob},
    howpublished = {\url{https://github.com/jerinjacobk/armv8_pmu_cycle_counter_el0}},
    note = {abgerufen: 07.08.2022}
}


% Raspberry Pi 3 Model B TRM
@Book{
    raspi_trm,
    title     = {Raspberry Pi 3 Model B},
    publisher = {Raspberry Pi },
    pages     = {2}
}

% A53 TRM
@Book{
    a53trm,
    title     = {Arm Cortex -A53 MPCore Processor Technical Reference Manual},
    author    = {Arm},
    year      = {2014},
}

% gcc TRM
@Book{
    gcc_1,
    title     = {Using the GNU Compiler Collection For gcc version 12.1.0},
    author	  = {Richard M. Stallman and others},
    publisher = {GNU Press},
    year      = {2022},
    pages     = {170}
}

% Programmers Guide ARM
@Book{
    armPG_1,
    title 	= {Programmer’s Guide for ARMv8-A},
    author 	= {Arm},
    year      	= {2015},
    pages     	= {83}
}

% ArmV8-A Reference
@Book{
    armv8a_1,
    title 	= {Arm Architecture Reference Manual for A-profile architecture},
    author 	= {Arm},
    year      	= {2022},
    pages     	= {267-268}
}

%pointer chasing
@Book{
    abel_ma,
    title       = {Measurement-based Inference of the Cache Hierarchy},
    author      = {Andreas Abel},
    year        = {2012},
    publisher	= {Universität des Saarlandes, Real-Time and Embedded Systems Lab}
}

% Linux Handbuch
@Book{
    lkm,
    title       = {Linux das umfassende Handbuch},
    author      = {Michael Kofler},
    year        = {2017},
    pages	= {876},
    publisher	= {Rheinwerk Computing}
}

% Treiber alt
@Book{
    gfp1,
    title       = {LINUX Gerätetreiber},
    author      = {Allesandro Rubini and others},
    year        = {2002},
    publisher	= {O' Reilly Verlag}
}

%Treiber neu: load module at boot, proc-file system
@Book{
    lte,
    title       = {Linux-Treiber entwickeln},
    author      = {Jürgen Quade and others},
    year        = {2016},
    publisher	= {dpunkt.verlag}
}

%Kerneldoc online
@misc{
    pagemap,
    title       = {Examine Process Page Tables},
    author      = {{kernel development community}},
    howpublished = {\url{www.kernel.org/doc/html/v4.18/admin-guide/mm/pagemap.html}},
    note = {abgerufen: 04.08.2022}
}

% prefetching benchmark
@Book{
    prefetch,
    title       = {Software Prefetching for Indirect Memory Accesses: A Microarchitectural Perspective},
    author      = {Sam Ainsworth and others},
    pages	= {2},
    year        = {2019},
    publisher	= {in: ACM Trans. Comput. Syst. 1, 1, Article 1 (March 2019)}
}

% WCET
@Book{
    wcet,
    title       = {The Worst-Case Execution Time Problem — Overview of Methods and Survey of Tools},
    author      = {Reinhard Wilhelm},
    pages	= {5},
    year        = {2007},
    publisher	= {in: ACM Trans. Embedded Comput. Syst. Volume 7}
}

@Book{
    a78c,
    title       = {Arm Cortex-A78C Core Technical Reference Manual},
    author      = {Arm},
    year        = {2021}
}

@Book{
    a78ae,
    title       = {Arm Cortex‑A78AE Core Technical Reference Manual},
    author      = {Arm},
    year        = {2022}
}

@Book{
    a72,
    title       = {ARM Cortex-A72 MPCore Processor Technical Reference Manual},
    author      = {Arm},
    year        = {2016}
}

@Book{
    a5,
    title       = {Cortex-A5 MPCore Technical Reference Manual},
    author      = {Arm},
    year        = {2016}
}

@Book{
    a9,
    title       = {ARM Cortex-A9 Technical Reference Manual},
    author      = {Arm},
    year        = {2016},
}
