Erna
Musterfrau
4
Horst
Lichter
3
Hans
Huckebein
1
Antonie
Buddenbrook
2
-
GK Theoretische Informatik
Boris Hollas
Springer
1
200
20
19
-
ComputerBild 3-2019
Dirk Kuchel
Computer Bild Digital GmbH 
2
123
5
4
-
Troja
Wolfgang Petersen
Warner Bros.
3
156
2
1
-
3
3
8
11
2019
2
2
12
11
2019
1
1
14
12
2019
-